<?xml version="1.0" encoding="UTF-8"?><record xmlns="http://www.loc.gov/MARC21/slim" xmlns:cinclude="http://apache.org/cocoon/include/1.0" xmlns:zs="http://www.loc.gov/zing/srw/">
  <leader>00487cz  a2200133n  4500</leader>
  <controlfield tag="001">n  85826794 </controlfield>
  <controlfield tag="003">DLC</controlfield>
  <controlfield tag="005">20080704080653.0</controlfield>
  <controlfield tag="008">851129n| acannaabn          |n and      </controlfield>
  <datafield tag="010" ind1=" " ind2=" ">
    <subfield code="a">n  85826794 </subfield>
  </datafield>
  <datafield tag="035" ind1=" " ind2=" ">
    <subfield code="a">(OCoLC)oca01489677</subfield>
  </datafield>
  <datafield tag="040" ind1=" " ind2=" ">
    <subfield code="a">DLC</subfield>
    <subfield code="b">eng</subfield>
    <subfield code="c">DLC</subfield>
    <subfield code="d">DLC</subfield>
    <subfield code="d">OCoLC</subfield>
  </datafield>
  <datafield tag="110" ind1="2" ind2=" ">
    <subfield code="a">Devon Trust for Nature Conservation</subfield>
  </datafield>
  <datafield tag="670" ind1=" " ind2=" ">
    <subfield code="a">nuc85-74836: School projects in natural history, 1974, c1972</subfield>
    <subfield code="b">(hdg. on NcRS rept.: Devon Trust for Nature Conservation; usage: Devon Trust for Nature Conservation)</subfield>
  </datafield>
</record>